<?xml version="1.0" encoding="UTF-8"?>
<record xmlns="http://www.loc.gov/MARC21/slim" xmlns:xsi="http://www.w3.org/2001/XMLSchema-instance" xsi:schemaLocation="http://www.loc.gov/MARC21/slim http://www.loc.gov/standards/marcxml/schema/MARC21slim.xsd">
<leader>00000cam a22      i 4500</leader>
<controlfield tag="001">001696948</controlfield>
<controlfield tag="003">NNU</controlfield>
<controlfield tag="005">20160229175602.0</controlfield>
<controlfield tag="008">040603s1928    ua            000 0 araod</controlfield>
<datafield tag="035" ind1=" " ind2=" ">
<subfield code="a">(OCoLC)55537943</subfield>
</datafield>
<datafield tag="040" ind1=" " ind2=" ">
<subfield code="a">ZYU</subfield>
<subfield code="b">eng</subfield>
<subfield code="c">ZYU</subfield>
<subfield code="d">OCLCQ</subfield>
<subfield code="d">OCLCG</subfield>
<subfield code="d">OCLCQ</subfield>
<subfield code="d">OCLCO</subfield>
<subfield code="d">OCLCQ</subfield>
<subfield code="d">OCLCO</subfield>
<subfield code="d">OCLCF</subfield>
<subfield code="d">OCLCO</subfield>
<subfield code="d">NNU</subfield>
</datafield>
<datafield tag="050" ind1=" " ind2="4">
<subfield code="a">BP175.J5</subfield>
<subfield code="b">.I32 1928</subfield>
</datafield>
<datafield tag="100" ind1="1" ind2=" ">
<subfield code="6">880-01</subfield>
<subfield code="a">Ibn Qudāmah, Muwaffaq al-Dīn ʻAbd Allāh ibn Aḥmad,</subfield>
<subfield code="d">1147-1223.</subfield>
</datafield>
<datafield tag="245" ind1="1" ind2="3">
<subfield code="6">880-02</subfield>
<subfield code="a">al-Mughnī /</subfield>
<subfield code="c">li-Muwaffaq al-Dīn Abī Muḥammad ʻAbd Allāh ibn Aḥmad ibn Muḥammad ibn Qudāmah. Wa-yalīhi al-Sharḥ al-kabīr li Shams al-Dīn Abī al-Faraj ʻAbd al-Raḥmān ibn Abī ʻUmar Muḥammad ibn Aḥmad ibn Qudāmah al-Maqdisī.</subfield>
</datafield>
<datafield tag="246" ind1="3" ind2=" ">
<subfield code="6">880-03</subfield>
<subfield code="a">Sharḥ al-kabīr ʻalá matn al-Muqniʻ</subfield>
</datafield>
<datafield tag="260" ind1=" " ind2=" ">
<subfield code="6">880-04</subfield>
<subfield code="a">Misr :</subfield>
<subfield code="b">Dar al-Manar,</subfield>
<subfield code="c">1347 [1928]</subfield>
</datafield>
<datafield tag="300" ind1=" " ind2=" ">
<subfield code="a">volumes ;</subfield>
</datafield>
<datafield tag="336" ind1=" " ind2=" ">
<subfield code="a">text</subfield>
<subfield code="b">txt</subfield>
<subfield code="2">rdacontent</subfield>
</datafield>
<datafield tag="337" ind1=" " ind2=" ">
<subfield code="a">unmediated</subfield>
<subfield code="b">n</subfield>
<subfield code="2">rdamedia</subfield>
</datafield>
<datafield tag="338" ind1=" " ind2=" ">
<subfield code="a">volume</subfield>
<subfield code="b">nc</subfield>
<subfield code="2">rdacarrier</subfield>
</datafield>
<datafield tag="650" ind1=" " ind2="0">
<subfield code="a">Islamic law</subfield>
<subfield code="v">Early works to 1800.</subfield>
</datafield>
<datafield tag="650" ind1=" " ind2="0">
<subfield code="a">Hanbalites</subfield>
<subfield code="v">Early works to 1800.</subfield>
</datafield>
<datafield tag="600" ind1="1" ind2="0">
<subfield code="a">Khiraqī, ʻUmar ibn al-Ḥusayn,</subfield>
<subfield code="d">-945 or 946.</subfield>
<subfield code="t">Mukhtaṣar.</subfield>
</datafield>
<datafield tag="630" ind1="0" ind2="7">
<subfield code="a">Mukhtaṣar (Khiraqī, ʻUmar ibn al-Ḥusayn)</subfield>
<subfield code="2">fast</subfield>
<subfield code="0">(OCoLC)fst01378334</subfield>
</datafield>
<datafield tag="650" ind1=" " ind2="7">
<subfield code="a">Hanbalites.</subfield>
<subfield code="2">fast</subfield>
<subfield code="0">(OCoLC)fst00950821</subfield>
</datafield>
<datafield tag="650" ind1=" " ind2="7">
<subfield code="a">Islamic law.</subfield>
<subfield code="2">fast</subfield>
<subfield code="0">(OCoLC)fst00979949</subfield>
</datafield>
<datafield tag="655" ind1=" " ind2="7">
<subfield code="a">Early works.</subfield>
<subfield code="2">fast</subfield>
<subfield code="0">(OCoLC)fst01411636</subfield>
</datafield>
<datafield tag="700" ind1="1" ind2=" ">
<subfield code="6">880-05</subfield>
<subfield code="a">Ibn Qudāmah al-Maqdisī, Muḥammad ibn Aḥmad,</subfield>
<subfield code="d">approximately 1306-1344.</subfield>
<subfield code="t">Sharḥ al-kabīr ʻalá matn al-Muqniʻ.</subfield>
</datafield>
<datafield tag="880" ind1="1" ind2=" ">
<subfield code="6">100-01/</subfield>
<subfield code="a">ابن قدامه، موفق الدين عبدالله ابن احمد،</subfield>
<subfield code="d">1147-1223.</subfield>
</datafield>
<datafield tag="880" ind1="1" ind2="2">
<subfield code="6">245-02/</subfield>
<subfield code="a">المغنى /</subfield>
<subfield code="c">تاليف موفق الدين ابى محمد عبدالله بن احمد بن محمد بن قدامه ويلية الشرح الكبير لشمس الدين ابى الفرج عبدالرحمن بن الى عمر محمد بن احمد ابن قدامه المقدسى.</subfield>
</datafield>
<datafield tag="880" ind1="3" ind2=" ">
<subfield code="6">246-03/</subfield>
<subfield code="a">شرح الكبير على متن المقنع</subfield>
</datafield>
<datafield tag="880" ind1=" " ind2=" ">
<subfield code="6">260-04/</subfield>
<subfield code="a">مصر :</subfield>
<subfield code="b">دار المنار،</subfield>
<subfield code="c">١٣٤٧ [١٩٢٨]</subfield>
</datafield>
<datafield tag="880" ind1="1" ind2=" ">
<subfield code="6">700-05/</subfield>
<subfield code="a">ابن قدامه القدسى، محمد ابن احمد.</subfield>
</datafield>
<datafield tag="OWN" ind1=" " ind2=" ">
<subfield code="a">GENERAL</subfield>
</datafield>
<datafield tag="AVA" ind1=" " ind2=" ">
<subfield code="a">NYU50</subfield>
<subfield code="b">BOBST</subfield>
<subfield code="c">Main Collection</subfield>
<subfield code="d">BP175.J5 .I32 1928</subfield>
<subfield code="e">unavailable</subfield>
<subfield code="t">Unavailable</subfield>
<subfield code="f">1</subfield>
<subfield code="g">1</subfield>
<subfield code="h">Y</subfield>
<subfield code="i">0</subfield>
<subfield code="j">MAIN</subfield>
<subfield code="k">0</subfield>
</datafield>
</record>
